@article{Johnson,
        author = {Edgar G. Johnson and Alfred O. Nier},
        title = {Angular Aberrations in Sector Shaped 
        Electromagnetic Lenses for Focusing Beams of Charged Particles},
        journal = {Physical Review},
        volume = {91},
        number = {1},
        month = {jul},
        year = {1953}
}

@Misc{dailyScrum,
OPTkey = {•},
OPTauthor = {Mike Cohn},
OPTtitle = {Daily Scrum --- Mountain Goat Software},
OPThowpublished = {\url{https://www.mountaingoatsoftware.com/agile/scrum/daily-scrum}},
OPTmonth = {•},
OPTyear = {2016},
OPTnote = {Online; Accessed: 25/07/2016},
OPTannote = {•}
}

@Misc{dailyScrum,
OPTkey = {•},
OPTauthor = {Mike Cohn},
OPTtitle = {Sprint Planning Meeting --- Mountain Goat Software},
OPThowpublished = {\url{https://www.mountaingoatsoftware.com/agile/scrum/sprint-planning-meeting}},
OPTmonth = {•},
OPTyear = {2016},
OPTnote = {Online; Accessed: 25/07/2016},
OPTannote = {•}
}
